@article{slotted_sensor,
    author = {Pankhurst, David},
    citeulike-article-id = {14140548},
    citeulike-linkout-0 = {http://www.utopiamechanicus.com/article/arduino-photo-interruptor-slotted-optical-switch/},
    keywords = {fotointerruptor},
    posted-at = {2016-09-18 19:32:36},
    priority = {2},
    title = {How To Set Up A Photo Interrupter (or Slotted Optical) Switch On The Arduino | Utopia Mechanicus},
    url = {http://www.utopiamechanicus.com/article/arduino-photo-interruptor-slotted-optical-switch/}
}

@article{intro_serial,
    author = {Instruments, National},
    citeulike-article-id = {14140545},
    citeulike-linkout-0 = {http://digital.ni.com/public.nsf/allkb/039001258CEF8FB686256E0F005888D1},
    institution = {National Instruments},
    posted-at = {2016-09-18 19:28:45},
    priority = {2},
    title = {Comunicaci\'{o}n Serial: Conceptos Generales - National Instruments},
    url = {http://digital.ni.com/public.nsf/allkb/039001258CEF8FB686256E0F005888D1}
}

@article{ruido_serial,
    author = {Semiconductor, Lattice},
    citeulike-article-id = {14140544},
    keywords = {comunicacion\_serial},
    organization = {Lattice Semiconductor},
    posted-at = {2016-09-18 19:26:53},
    priority = {2},
    title = {Improving noise inmunnity for serial interface}
}

@article{shannon,
    author = {Lavry, Dan},
    citeulike-article-id = {14140542},
    citeulike-linkout-0 = {http://lavryengineering.com/pdfs/lavry-sampling-theory.pdf},
    institution = {Lavr y Engineering, Inc},
    keywords = {teoria},
    posted-at = {2016-09-18 19:23:37},
    priority = {2},
    title = {Sampling Theory For Digital Audio},
    url = {http://lavryengineering.com/pdfs/lavry-sampling-theory.pdf}
}

@article{tipos_canales,
    author = {Integrated, Maxim},
    citeulike-article-id = {14140541},
    citeulike-linkout-0 = {https://www.maximintegrated.com/en/app-notes/index.mvp/id/1108},
    keywords = {conversor},
    posted-at = {2016-09-18 19:20:22},
    priority = {2},
    title = {Understanding {Single-Ended}, {Pseudo-Differential} and {Fully-Differential} {ADC} Inputs - Application Note - Maxim},
    url = {https://www.maximintegrated.com/en/app-notes/index.mvp/id/1108}
}

@article{delta_sigma_2,
    author = {Barker, Bonnie},
    citeulike-article-id = {14140540},
    citeulike-linkout-0 = {http://www.ti.com/lit/an/slyt438/slyt438.pdf},
    institution = {Texas Instruments},
    keywords = {conversor},
    posted-at = {2016-09-18 19:17:30},
    priority = {2},
    title = {Delta Sigma {ADC} - Part 2},
    url = {http://www.ti.com/lit/an/slyt438/slyt438.pdf}
}

@article{delta_sigma_1,
    author = {Barker, Bonnie},
    citeulike-article-id = {14140539},
    citeulike-linkout-0 = {http://www.ti.com/lit/an/slyt423/slyt423.pdf},
    institution = {Texas Instruments},
    keywords = {conversor},
    posted-at = {2016-09-18 19:15:09},
    priority = {2},
    title = {Delta Sigma {ADCs} - Part 1},
    url = {http://www.ti.com/lit/an/slyt423/slyt423.pdf}
}

